<record><leader>00000cas a22000007a 4500</leader><controlfield tag="001">15987848</controlfield><controlfield tag="008">870616d184518uuinusr ne      0    0eng d</controlfield><controlfield tag="009">6576</controlfield><datafield ind1=" " ind2=" " tag="010"><subfield code="a">sn 87090543 </subfield></datafield><datafield ind1=" " ind2=" " tag="040"><subfield code="a">PPM</subfield><subfield code="b">eng</subfield><subfield code="c">PPM</subfield><subfield code="d">OCLCQ</subfield></datafield><datafield ind1=" " ind2=" " tag="042"><subfield code="a">msc</subfield></datafield><datafield ind1="0" ind2="4" tag="245"><subfield code="a">The Calliopean.</subfield></datafield><datafield ind1=" " ind2=" " tag="260"><subfield code="a">New-Albany [sic], Ind. :</subfield><subfield code="b">Calliopean Society,</subfield><subfield code="c">1845-</subfield></datafield><datafield ind1=" " ind2=" " tag="310"><subfield code="a">Semimonthly</subfield></datafield><datafield ind1="0" ind2=" " tag="362"><subfield code="a">Vol. 1, no. 1 (Jan. 29, 1845)-</subfield></datafield><datafield ind1=" " ind2=" " tag="752"><subfield code="a">United States</subfield><subfield code="b">Indiana</subfield><subfield code="c">Floyd</subfield><subfield code="d">New Albany.</subfield></datafield><datafield ind1=" " ind2=" " tag="752"><subfield code="a">United States</subfield><subfield code="b">Indiana</subfield><subfield code="c">Floyd</subfield><subfield code="d">New-Albany.</subfield></datafield></record>